<record><leader>00000cas a22000007a 4500</leader><controlfield tag="001">10941745</controlfield><controlfield tag="008">840712d190919uuohuwr ne      0    0eng d</controlfield><controlfield tag="009">3783</controlfield><datafield ind1=" " ind2=" " tag="010"><subfield code="a">sn 84028318 </subfield></datafield><datafield ind1=" " ind2=" " tag="040"><subfield code="a">NPY</subfield><subfield code="b">eng</subfield><subfield code="c">NPY</subfield><subfield code="d">OCLCG</subfield></datafield><datafield ind1="1" ind2=" " tag="029"><subfield code="a">AU@</subfield><subfield code="b">000025794143</subfield></datafield><datafield ind1=" " ind2=" " tag="042"><subfield code="a">msc</subfield></datafield><datafield ind1="0" ind2=" " tag="130"><subfield code="a">Weekly review (Cleveland, Ohio)</subfield></datafield><datafield ind1="0" ind2="0" tag="245"><subfield code="a">Weekly review.</subfield></datafield><datafield ind1="1" ind2="3" tag="246"><subfield code="a">Informer</subfield><subfield code="f">Jan. 7-14, 1909</subfield></datafield><datafield ind1=" " ind2=" " tag="260"><subfield code="a">Cleveland, [Ohio] :</subfield><subfield code="b">A.W. Fritz,</subfield><subfield code="c">1909-</subfield></datafield><datafield ind1=" " ind2=" " tag="300"><subfield code="a">v. :</subfield><subfield code="b">ill, (chiefly advertisements) ;</subfield><subfield code="c">34 cm.</subfield></datafield><datafield ind1=" " ind2=" " tag="310"><subfield code="a">Weekly</subfield></datafield><datafield ind1="0" ind2=" " tag="362"><subfield code="a">Vol. 1, no. 1 (Jan. 7, 1909)-</subfield></datafield><datafield ind1=" " ind2=" " tag="500"><subfield code="a">Published on Thursday.</subfield></datafield><datafield ind1=" " ind2=" " tag="500"><subfield code="a">"An independent paper, devoted to the best interests of Glenville and vicinity."</subfield></datafield><datafield ind1=" " ind2=" " tag="500"><subfield code="a">First two issues have title: The Informer.</subfield></datafield><datafield ind1=" " ind2=" " tag="500"><subfield code="a">Editor: A.W. Fritz.</subfield></datafield><datafield ind1="1" ind2=" " tag="700"><subfield code="a">Fritz, A. W.</subfield><subfield code="q">(Al W.)</subfield></datafield><datafield ind1=" " ind2=" " tag="752"><subfield code="a">United States</subfield><subfield code="b">Ohio</subfield><subfield code="c">Cuyahoga</subfield><subfield code="d">Cleveland.</subfield></datafield></record>